<?xml version="1.0" encoding="UTF-8"?><collection xmlns="http://www.loc.gov/MARC21/slim"><record><leader>00545nam--2200193-u-4500</leader><controlfield tag="001">000052118</controlfield><controlfield tag="002">20161230</controlfield><controlfield tag="005">20161230201049</controlfield><controlfield tag="008">090728s1000------------r-----000-0-eng-d</controlfield><datafield ind1=" " ind2=" " tag="040"><subfield code="a">IFIN-HH</subfield></datafield><datafield ind1=" " ind2=" " tag="080"><subfield code="a">518.2</subfield></datafield><datafield ind1="1" ind2=" " tag="100"><subfield code="a">Karpova, K. A</subfield></datafield><datafield ind1="1" ind2=" " tag="245"><subfield code="a">Tablitsy Dlya Vychisleniya Funktsii Mate. Sobstvennye Znacheniya, Koeffitsienty i Mnozhiteli Svyazi</subfield></datafield><datafield ind1=" " ind2=" " tag="260"><subfield code="a">Moskva</subfield><subfield code="c">1967</subfield></datafield><datafield ind1=" " ind2=" " tag="300"><subfield code="a">277 p</subfield></datafield><datafield ind1=" " ind2=" " tag="490"><subfield code="a">Biblioteka Matematicheskikh Tablit</subfield><subfield code="v">Vyp.42</subfield></datafield><datafield ind1="1" ind2=" " tag="700"><subfield code="a">K.A.Karpova</subfield></datafield><datafield ind1=" " ind2=" " tag="852"><subfield code="a">8145</subfield><subfield code="c">518.2</subfield></datafield><datafield ind1=" " ind2=" " tag="CAT"><subfield code="a">Sys</subfield><subfield code="c">20090728</subfield><subfield code="h">064424</subfield></datafield></record></collection>